
@book{
	textbook,
	author = "Nielsen, Michael A. and Chuang, Isaac L.",
	title = "Quantum Computation and Quantum Information",
	year = "2010",
}
@misc{
	algos,
	title = "Quantum Algorithm Implementations for Beginners",
	year = "2020",
}
@misc{
	universal-qubit,
	title = "On Universal and Fault-Tolerant Quantum Computing",
	author = "Boykin, P. Oscar and Mor, Tal and Pulver, Matthew and Roychowdhury, Vwani and Vatan, Farrokh"
	year = "1999",
}
@misc{
	multi-valued-logic,
	title = "Multi-Valued Logic Gates for Quantum Computation",
	author = "Muthukrishnan, Ashok and Stroud Jr., C. R.",
	year = "2018",
}
@misc{
tolar-clifford,
title = "On Clifford groups in quantum computing",
author = "J. Tolar",
year = "2018",
}
@misc{
	pi-over-eight,
	title = "Qudit versions of the qubit ``pi-over-eight'' gate",
	author = "Howard, Mark and Vala, Jiri",
	year = "2012",
}
@misc{
	arithmetics,
	title = "Improved Quantum Ternary Arithmetics",
	author = "Alex Bocharov and Shawn X. Cui and Martin Roeteller and Krysta M. Svore",
	year = "2016",
}